/home/ian/Grad/Research/BayesianParameterEstimation/bayesian.bib