/home/ian/Grad/master.bib